@article{Furlanetto2006,
       author = {{Furlanetto}, S. R. and {Oh}, S. P. and {Briggs}, F. H.},
        title = "{Cosmology at low frequencies: The 21 cm transition and the high-redshift Universe}",
      journal = {Physics Reports},
     keywords = {Astrophysics},
         year = 2006,
        month = oct,
       volume = {433},
       number = {4-6},
        pages = {181-301},
          doi = {10.1016/j.physrep.2006.08.002}
}

@article{Barkana2016,
       author = {{Barkana}, R.},
        title = "{The rise of the first stars: Supersonic streaming, radiative feedback, and 21-cm cosmology}",
      journal = {Physics Reports},
         year = 2016,
        month = jul,
       volume = {645},
        pages = {1-59},
          doi = {10.1016/j.physrep.2016.06.006}
}

@article{Pritchard2012,
       author = {{Pritchard}, J. R. and {Loeb}, A.},
        title = "{21 cm cosmology in the 21st century}",
      journal = {Reports on Progress in Physics},
         year = 2012,
        month = aug,
       volume = {75},
       number = {8},
        pages = {086901},
          doi = {10.1088/0034-4885/75/8/086901}
}

@article{Field,
       author = {{Field}, G.~B.},
        title = "{The Spin Temperature of Intergalactic Neutral Hydrogen.}",
      journal = {The Astrophysical Journal},
         year = "1959",
        month = "May",
       volume = {129},
        pages = {536},
          doi = {10.1086/146653},
}

@article{Wouthuysen,
       author = {{Wouthuysen}, S.~A.},
        title = "{On the excitation mechanism of the 21-cm (radio-frequency) interstellar hydrogen emission line.}",
      journal = {Astronomical Journal},
         year = "1952",
       volume = {57},
        pages = {31-32},
          doi = {10.1086/106661},
}

@article{Cohen,
       author = {{Cohen}, A. and {Fialkov}, A. and {Barkana}, R. and
         {Lotem}, M.},
        title = "{Charting the parameter space of the global 21-cm signal}",
      journal = {Monthly Notices of the Royal Astronomical Society},
         year = "2017",
       volume = {472},
       number = {2},
        pages = {1915-1931},
          doi = {10.1093/mnras/stx2065},
}

@article{Cohen2019,
       author = {{Cohen}, A. and {Fialkov}, A. and {Barkana}, R. and
         {Monsalve}, R.},
        title = "{Emulating the Global 21-cm Signal from Cosmic Dawn and Reionization}",
      journal = {arXiv e-prints},
         year = "2019",
          eid = {arXiv:1910.06274},
        pages = {arXiv:1910.06274},
archivePrefix = {arXiv},
       eprint = {1910.06274},
       adsurl = {https://ui.adsabs.harvard.edu/abs/2019arXiv191006274C}
}

@article{REACH,
  title={REACH: Radio Experiment for the Analysis of Cosmic Hydrogen},
  author={{de Lera Acedo}, E.},
  journal={2019 International Conference on Electromagnetics in Advanced Applications (ICEAA)},
  year={2019},
  pages={0626-0629},
  doi = {10.1109/ICEAA.2019.8879199}
}

@article{SARAS,
    author = {{Singh}, S. and {Subrahmanyan}, R. and {Udaya Shankar}, N. and
    {Sathyanarayana Rao}, M. and {Girish}, B.~S. and {Raghunathan}, A. and
    {Somashekar}, R. and {Srivani}, K.~S.},
    title = "{SARAS 2: a spectral radiometer for probing cosmic dawn and the epoch of reionization through detection of the global 21-cm signal}",
    journal = {Experimental Astronomy},
    year = "2018",
    volume = {45},
    number = {2},
    pages = {269-314},
    doi = {10.1007/s10686-018-9584-3},
}

@article{LEDA,
    author = {{Price}, D.~C. and {Greenhill}, L.~J. and {Fialkov}, A. and
     {Bernardi}, G. and {Garsden}, H. and {Barsdell}, B.~R. and {Kocz}, J. and
     {Anderson}, M.~M. and {Bourke}, S.~A. and {Craig}, J. and
     {Dexter}, M.~R. and {Dowell}, J. and {Eastwood}, M.~W. and
     {Eftekhari}, T. and {Ellingson}, S.~W. and {Hallinan}, G. and
     {Hartman}, J.~M. and {Kimberk}, R. and {Lazio}, T. Joseph W. and
     {Leiker}, S. and {MacMahon}, D. and {Monroe}, R. and {Schinzel}, F. and
     {Taylor}, G.~B. and {Tong}, E. and {Werthimer}, D. and {Woody}, D.~P.},
    title = "{Design and characterization of the Large-aperture Experiment to Detect the Dark Age (LEDA) radiometer systems}",
    journal = {Monthly Notices of the Royal Astronomical Society},
     year = "2018",
    volume = {478},
    number = {3},
    pages = {4193-4213},
      doi = {10.1093/mnras/sty1244}
}

@article{Prizm,
       author = {{Philip}, L. and {Abdurashidova}, Z. and {Chiang}, H.~C. and
         {Ghazi}, N. and {Gumba}, A. and {Heilgendorff}, H.~M. and
         {J{\'a}uregui-Garc{\'\i}a}, J.~M. and {Malepe}, K. and
         {Nunhokee}, C.~D. and {Peterson}, J. and {Sievers}, J.~L. and
         {Simes}, V. and {Spann}, R.},
        title = "{Probing Radio Intensity at High-Z from Marion: 2017 Instrument}",
      journal = {Journal of Astronomical Instrumentation},
         year = 2019,
        month = jan,
       volume = {8},
       number = {2},
          eid = {1950004},
        pages = {1950004},
          doi = {10.1142/S2251171719500041}
}

@article{EDGES_LB,
    author={{Bowman}, Judd D. and {Rogers}, Alan E.E. and {Monsalve}, Raul A. and {Mozdzen}, Thomas J. and {Mahesh}, Nivedita},
    title={An absorption profile centered at 78 megahertz in the sky-averaged spectrum},
    journal={Nature},
    volume=555,
    pages={67-70},
    issue={7694},
    year=2018,
    doi = {10.1038/nature25792}
}

@article{MSFCD,
    author={{Sathyanarayana Rao}, Mayuri and {Subrahmanyan}, Ravi and
             {Udaya Shankar}, N. and {Chluba}, Jens},
    title={Modeling the Radio Foreground for Detection of CMB Spectral Distortions from the Cosmic Dawn and the Epoch of Reionization},
    journal={The Astrophysical Journal},
    fjournal={Astrophysical Journal},
    volume=840,
    pages={33},
    number={1},
    year=2017,
    doi = {10.3847/1538-4357/aa69bd}
}

@article{MSF-EDGES,
       author = {{Singh}, S. and {Subrahmanyan}, R.},
        title = "{The Redshifted 21 cm Signal in the EDGES Low-band Spectrum}",
      journal = {The Astrophysical Journal},
         year = "2019",
       volume = {880},
       number = {1},
        pages = {26},
          doi = {10.3847/1538-4357/ab2879}
}

@article{Basinhopping,
    author = {Wales, D. J. and Doye, J. P. K.},
    title = {Global Optimization by Basin-Hopping and the Lowest Energy Structures of Lennard-Jones Clusters Containing up to 110 Atoms},
    journal = {The Journal of Physical Chemistry A},
    volume = {101},
    number = {28},
    pages = {5111-5116},
    year = {1997},
    doi = {10.1021/jp970984n}
}

@article{Nelder-Mead,
    author = {Nelder, J. A. and Mead, R.},
    title = "{A Simplex Method for Function Minimization}",
    journal = {The Computer Journal},
    volume = {7},
    number = {4},
    pages = {308-313},
    year = {1965},
    month = {01},
    doi = {10.1093/comjnl/7.4.308}
}

@article{Bevins,
       author = {{Bevins}, H.~T.~J. and {Handley}, W.~J. and {Fialkov}, A. and
         {Lera de Acedo}, E. and {Greenhill}, L.~J. and {Price}, D.~C.},
        title = "{maxsmooth: Rapid maximally smooth function fitting with applications in Global 21-cm cosmology}",
      journal = {arXiv e-prints},
     keywords = {Astrophysics - Cosmology and Nongalactic Astrophysics, Astrophysics - Instrumentation and Methods for Astrophysics},
         year = 2020,
        month = jul,
          eid = {arXiv:2007.14970},
        pages = {arXiv:2007.14970},
archivePrefix = {arXiv},
       eprint = {2007.14970},
 primaryClass = {astro-ph.CO},
       adsurl = {https://ui.adsabs.harvard.edu/abs/2020arXiv200714970B},
      adsnote = {Provided by the SAO/NASA Astrophysics Data System}
}
